<record><leader>00000cas a22000007a 4500</leader><controlfield tag="001">18806589</controlfield><controlfield tag="008">881128d189u1909mouwr ne      0    0eng d</controlfield><datafield ind1=" " ind2=" " tag="010"><subfield code="a">sn 88068107 </subfield></datafield><datafield ind1=" " ind2=" " tag="040"><subfield code="a">MQN</subfield><subfield code="b">eng</subfield><subfield code="c">MQN</subfield><subfield code="d">OCLCQ</subfield></datafield><datafield ind1="0" ind2="0" tag="245"><subfield code="a">Oregon County democrat.</subfield></datafield><datafield ind1=" " ind2=" " tag="260"><subfield code="a">Alton, Mo. :</subfield><subfield code="b">King &amp; Whitten</subfield></datafield><datafield ind1=" " ind2=" " tag="300"><subfield code="a">v.</subfield></datafield><datafield ind1=" " ind2=" " tag="310"><subfield code="a">Weekly</subfield></datafield><datafield ind1="1" ind2=" " tag="362"><subfield code="a">Began in 1898? Ceased in 1909.</subfield></datafield><datafield ind1=" " ind2=" " tag="588"><subfield code="a">Description based on: 4th year, no. 16 (July 26, 1901).</subfield></datafield><datafield ind1=" " ind2=" " tag="752"><subfield code="a">United States</subfield><subfield code="b">Missouri</subfield><subfield code="c">Oregon</subfield><subfield code="d">Alton.</subfield></datafield><datafield ind1="0" ind2="7" tag="785"><subfield code="t">South Missourian (Alton, Mo. : 1905)</subfield><subfield code="w">(DLC)sn 88068106</subfield></datafield><datafield ind1="0" ind2="7" tag="785"><subfield code="t">South Missourian-democrat</subfield><subfield code="w">(DLC)sn 88068108</subfield></datafield></record>